@article{HuGary2020,
  title={A phase-field model of fracture with frictionless contact and random fracture properties: Application to thin-film fracture and soil dessication},
  author={Hu, Tianchen and Guilleminot, Johann and Dolbow, John E},
  journal={Computer Methods in Applied Mechanics and Engineering},
  volume={368},
  pages={113106},
  year={2020},
  publisher={Elsevier}
}

@article{boyce2014sandia,
  title={The Sandia Fracture Challenge: blind round robin predictions of ductile tearing},
  author={Boyce, Brad L and Kramer, Sharlotte LB and Fang, H Eliot and Cordova, Theresa E and Neilsen, Michael K and Dion, K and Kaczmarowski, Amy K and Karasz, Erin and Xue, Liang and Gross, Andrew J and others},
  journal={International Journal of Fracture},
  volume={186},
  number={1-2},
  pages={5--68},
  year={2014},
  publisher={Springer}
}

@phdthesis{guo2013experimental,
  title={An experimental and numerical investigation on damage evolution and ductile fracture mechanism of aluminum alloy},
  author={Guo, Junhang},
  year={2013},
  school={PhD dissertation, The University of Tokushima}
}

@article{yin2020ductile,
  title={A ductile phase-field model based on degrading the fracture toughness: Theory and implementation at small strain},
  author={Yin, Bo and Kaliske, Michael},
  journal={Computer Methods in Applied Mechanics and Engineering},
  volume={366},
  pages={113068},
  year={2020},
  publisher={Elsevier}
}

@article{Francfort98,
  author = {Francfort, G.A. and Marigo, J.J.},
  title = {Revisiting brittle fracture as an energy minimization problem},
  journal = {Journal of the Mechanics and Physics of Solids},
  volume = {46},
  number = {8},
  pages={1319--1342},
  year = {1998}
}

@article{Bourdin2000,
  author = {Bourdin, B. and Francfort, G.A. and Marigo, J.J.},
  title = {Numerical experiments in revisited brittle fracture},
  journal = {Journal of the Mechanics and Physics of Solids},
  volume = {48},
  number = {4},
  pages={797--826},
  year = {2000}
}

@article{karma_2004,
  Author = {A. Karma and A. E. Lobkovsky},
  Date-Added = {2014-10-06 01:22:14 +0000},
  Date-Modified = {2014-10-06 01:23:04 +0000},
  Journal = {Physical Review Letters},
  Number = {10},
  Pages = {245510},
  Title = {Unsteady Crack Motion and Branching in a Phase-Field Model of Brittle Fracture},
  Volume = {93},
  Year = {2004}
}

@article{karma_2001,
  Author = {A. Karma and D. A. Kessler and H. Levine},
  Date-Added = {2014-10-06 01:21:10 +0000},
  Date-Modified = {2014-10-06 01:22:08 +0000},
  Journal = {Physical Review Letters},
  Number = {4},
  Pages = {045501-1-4},
  Title = {Phase-field model of mode {III} dynamic fracture},
  Volume = {87},
  Year = {2001}
}

@article{geelen2019phase,
  title={A phase-field formulation for dynamic cohesive fracture},
  author={Geelen, Rudy JM and Liu, Yingjie and Hu, Tianchen and Tupek, Michael R and Dolbow, John E},
  journal={Computer Methods in Applied Mechanics and Engineering},
  volume={348},
  pages={680--711},
  year={2019},
  publisher={Elsevier}
}

@article{wu2017unified,
  title={A unified phase-field theory for the mechanics of damage and quasi-brittle failure},
  author={Wu, Jian-Ying},
  journal={Journal of the Mechanics and Physics of Solids},
  volume={103},
  pages={72--99},
  year={2017},
  publisher={Elsevier}
}

@article{miehe_2010_p2,
  Author = {C. Miehe and M. Hofacker and F. Welschinger},
  Date-Added = {2014-10-06 01:15:58 +0000},
  Date-Modified = {2014-10-06 01:16:59 +0000},
  Journal = {Computer Methods in Applied Mechanics and Engineering},
  Pages = {2765-2778},
  Title = {A phase field model for rate-independent crack propagation: Robust algorithmic implementation based on operator splits},
  Volume = {199},
  Year = {2010}
}

@article{miehe_2010_p1,
Author = {C. Miehe and F. Welschinger and M. Hofacker},
Date-Added = {2014-10-06 01:14:13 +0000},
Date-Modified = {2014-10-06 01:15:56 +0000},
Journal = {International Journal for Numerical Methods in Engineering},
Pages = {1273-1311},
Title = {Thermodynamically consistent phase-field models of fracture: Variational principles and multi-field {F}{E} implementations},
Volume = {83},
Year = {2010}
}

@article{AMOR20091209,
  title = "Regularized formulation of the variational brittle fracture with unilateral contact: Numerical experiments",
  journal = "Journal of the Mechanics and Physics of Solids",
  volume = "57",
  number = "8",
  pages = "1209 - 1229",
  year = "2009",
  issn = "0022-5096",
  author = "Hanen Amor and Jean-Jacques Marigo and Corrado Maurini",
}

@article{lorentz2011convergence,
  title={Convergence of a gradient damage model toward a cohesive zone model},
  author={Lorentz, Eric and Cuvilliez, Sam and Kazymyrenko, Kyrylo},
  journal={Comptes Rendus M{\'e}canique},
  volume={339},
  number={1},
  pages={20--26},
  year={2011},
  publisher={Elsevier}
}

@article{lorentz2017nonlocal,
  title={A nonlocal damage model for plain concrete consistent with cohesive fracture},
  author={Lorentz, Eric},
  journal={International Journal of Fracture},
  volume={207},
  number={2},
  pages={123--159},
  year={2017},
  publisher={Springer}
}

@phdthesis{borden2012isogeometric,
  title={Isogeometric analysis of phase-field models for dynamic brittle and ductile fracture},
  author={Borden, Michael Johns},
  year={2012},
  school={The University of Texas at Austin}
}

@article{Borden2012,
   title = {A phase-field description of dynamic brittle fracture},
   author = {Borden, Michael J and Verhoosel, Clemens V and Scott, Michael A and Hughes, Thomas J R and Landis, Chad M},
   journal = {Computer Methods in Applied Mechanics and Engineering},
   volume = {217--220},
   pages = {77--95},
   year = {2012}
}

@article{permann2020moose,
  title={MOOSE: Enabling massively parallel multiphysics simulation},
  author={Permann, Cody J and Gaston, Derek R and Andr{\v{s}}, David and Carlsen, Robert W and Kong, Fande and Lindsay, Alexander D and Miller, Jason M and Peterson, John W and Slaughter, Andrew E and Stogner, Roy H and others},
  journal={SoftwareX},
  volume={11},
  pages={100430},
  year={2020},
  publisher={Elsevier}
}

@misc{raccoon,
title="{RACCOON}",
url={https://github.com/hugary1995/raccoon},
journal={GitHub},
author={Hu, Tianchen},
year={2020}
}

@misc{raccoon_doc,
title="{RACCOON} documentation",
url={https://hugary1995.github.io/raccoon},
journal={RACCOON documentation},
author={Hu, Tianchen},
year={2020}
}

@article{heister2015primal,
  title={A primal-dual active set method and predictor-corrector mesh adaptivity for computing fracture propagation using a phase-field approach},
  author={Heister, Timo and Wheeler, Mary F and Wick, Thomas},
  journal={Computer Methods in Applied Mechanics and Engineering},
  volume={290},
  pages={466--495},
  year={2015},
  publisher={Elsevier}
}

@article{borden2016phase,
  title={A phase-field formulation for fracture in ductile materials: Finite deformation balance law derivation, plastic degradation, and stress triaxiality effects},
  author={Borden, Michael J and Hughes, Thomas JR and Landis, Chad M and Anvari, Amin and Lee, Isaac J},
  journal={Computer Methods in Applied Mechanics and Engineering},
  volume={312},
  pages={130--166},
  year={2016},
  publisher={Elsevier}
}

@article{kubik2019ductile,
  title={Ductile Failure Predictions for the Three-Point Bending Test of a Complex Geometry Made From Aluminum Alloy},
  author={Kub{\'\i}k, Petr and {\v{S}}ebek, Franti{\v{s}}ek and Zapletal, Josef and Petru{\v{s}}ka, Jind{\v{r}}ich and N{\'a}vrat, Tom{\'a}{\v{s}}},
  journal={Journal of Engineering Materials and Technology},
  volume={141},
  number={4},
  year={2019},
  publisher={American Society of Mechanical Engineers Digital Collection}
}

@article{kubik2018notched,
  title={Notched specimen under compression for ductile failure criteria},
  author={Kub{\'\i}k, Petr and {\v{S}}ebek, Franti{\v{s}}ek and Petru{\v{s}}ka, Jind{\v{r}}ich},
  journal={Mechanics of Materials},
  volume={125},
  pages={94--109},
  year={2018},
  publisher={Elsevier}
}

@incollection{alessi_comparison_2017,
title = {Comparison of {Phase}-{Field} {Models} of {Fracture} {Coupled} with {Plasticity}},
volume = {46},
isbn = {978-3-319-60885-3},
booktitle = {Advances in {Computational} {Plasticity}: {A} {Book} in {Honour} of {D}. {Roger} {J}. {Owen}},
publisher = {Springer International Publishing},
author = {Alessi, R. and Ambati, M. and Gerasimov, T. and Vidoli, S. and De Lorenzis, L.},
month = sep,
year = {2017},
pages = {443},
file = {Advances_in_Computational_Plasticity_A_Book_in_Hon..._----_(Comparison_of_Phase-Field_Models_of_Fracture_Coupled_with_Plasticity).pdf:/Users/btalami/Documents/References/Advances_in_Computational_Plasticity_A_Book_in_Hon..._----_(Comparison_of_Phase-Field_Models_of_Fracture_Coupled_with_Plasticity).pdf:application/pdf}
}

@article{alessi_gradient_2014,
  title = {Gradient {Damage} {Models} {Coupled} with {Plasticity} and {Nucleation} of {Cohesive} {Cracks}},
  volume = {214},
  issn = {0003-9527, 1432-0673},
  language = {en},
  number = {2},
  journal = {Archive for Rational Mechanics and Analysis},
  author = {Alessi, Roberto and Marigo, Jean-Jacques and Vidoli, Stefano},
  month = nov,
  year = {2014},
  pages = {575--615},
  file = {s00205-014-0763-8.pdf:/Users/btalami/Documents/References/s00205-014-0763-8.pdf:application/pdf}
}

@article{alessi_gradient_2015,
  title = {Gradient damage models coupled with plasticity: Variational formulation and main properties},
  author = {Alessi, Roberto and Marigo, Jean-Jacques and Vidoli, Stefano},
  journal = {Mechanics of Materials},
  year = {2015},
  pages = {351--367}
}

@article{alessi_coupling_2018,
title = {Coupling damage and plasticity for a phase-field regularisation of brittle, cohesive and ductile fracture: {One}-dimensional examples},
volume = {149},
issn = {0020-7403},
journal = {International Journal of Mechanical Sciences},
author = {Alessi, Roberto and Marigo, Jean-Jacques and Maurini, Corrado and Vidoli, Stefano},
month = dec,
year = {2018},
keywords = {Ductile fracture, Phase-field, Cohesive fracture, Variational methods},
pages = {559--576},
file = {Alessi et al. - 2018 - Coupling damage and plasticity for a phase-field r.pdf:/Users/btalami/Zotero/storage/8TUMSC5W/Alessi et al. - 2018 - Coupling damage and plasticity for a phase-field r.pdf:application/pdf}
}

@article{ambati_phase-field_2015,
  title = {Phase-field modeling of ductile fracture},
  volume = {55},
  issn = {0178-7675, 1432-0924},
  language = {en},
  number = {5},
  journal = {Computational Mechanics},
  author = {Ambati, M. and Gerasimov, T. and Lorenzis, L. De},
  month = may,
  year = {2015},
  pages = {1017--1040},
  file = {s00466-015-1151-4.pdf:/Users/btalami/Documents/References/s00466-015-1151-4.pdf:application/pdf}
}

@article{ambati_phase-field_2016,
  title = {A phase-field model for ductile fracture at finite strains and its experimental verification},
  volume = {57},
  issn = {1432-0924},
  number = {1},
  journal = {Computational Mechanics},
  author = {Ambati, Marreddy and Kruse, Roland and De Lorenzis, Laura},
  month = jan,
  year = {2016},
  pages = {149--167},
  file = {Ambati et al. - 2016 - A phase-field model for ductile fracture at finite.pdf:/Users/btalami/Zotero/storage/VCIBCDR5/Ambati et al. - 2016 - A phase-field model for ductile fracture at finite.pdf:application/pdf}
}

@article{miehe_phase_2016,
title = {Phase field modeling of ductile fracture at finite strains: {A} variational gradient-extended plasticity-damage theory},
volume = {84},
issn = {0749-6419},
shorttitle = {Phase field modeling of ductile fracture at finite strains},
journal = {International Journal of Plasticity},
author = {Miehe, Christian and Aldakheel, Fadi and Raina, Arun},
month = sep,
year = {2016},
keywords = {Phase field modeling, A. Crack Propagation and Arrest, B. Elastic-Viscoplastic Material, B. Finite Strain, C. Variational Calculus},
pages = {1--32},
file = {1-s2.0-S0749641916300602-main.pdf:/Users/btalami/Documents/References/1-s2.0-S0749641916300602-main.pdf:application/pdf}
}

@article{borden_phase-field_2016,
  title={A phase-field formulation for fracture in ductile materials: Finite deformation balance law derivation, plastic degradation, and stress triaxiality effects},
  author={Borden, Michael J and Hughes, Thomas JR and Landis, Chad M and Anvari, Amin and Lee, Isaac J},
  journal={Computer Methods in Applied Mechanics and Engineering},
  volume={312},
  pages={130--166},
  year={2016},
  publisher={Elsevier}
}

@incollection{borden_phase-field_2017,
title = {Phase-{Field} {Formulation} for {Ductile} {Fracture}},
volume = {46},
isbn = {978-3-319-60885-3},
language = {English},
booktitle = {Advances in {Computational} {Plasticity}: {A} {Book} in {Honour} of {D}. {Roger} {J}. {Owen}},
publisher = {Springer International Publishing},
author = {Borden, Michael J. and Hughes, Thomas J. R. and Landis, Chad M. and Anvari, Amin and Lee, Isaac J.},
month = sep,
year = {2017},
pages = {443}
}

@article{ortiz_variational_1999,
  title = {The variational formulation of viscoplastic constitutive updates},
  volume = {171},
  issn = {0045-7825},
  number = {3},
  journal = {Computer Methods in Applied Mechanics and Engineering},
  author = {Ortiz, M. and Stainier, L.},
  month = apr,
  year = {1999},
  pages = {419--444}
}

@article{simo1988framework,
  title={A framework for finite strain elastoplasticity based on maximum plastic dissipation and the multiplicative decomposition: Part I. Continuum formulation},
  author={Simo, Juan C},
  journal={Computer methods in applied mechanics and engineering},
  volume={66},
  number={2},
  pages={199--219},
  year={1988},
  publisher={Elsevier}
}

@article{pham2013onset,
  title={From the onset of damage to rupture: construction of responses with damage localization for a general class of gradient damage models},
  author={Pham, Kim and Marigo, Jean-Jacques},
  journal={Continuum Mechanics and Thermodynamics},
  volume={25},
  number={2-4},
  pages={147--171},
  year={2013},
  publisher={Springer}
}

@article{ambrosio1990approximation,
  title={Approximation of functional depending on jumps by elliptic functional via t-convergence},
  author={Ambrosio, Luigi and Tortorelli, Vincenzo Maria},
  journal={Communications on Pure and Applied Mathematics},
  volume={43},
  number={8},
  pages={999--1036},
  year={1990},
  publisher={Wiley Online Library}
}

@article{vo2020molecular,
  title={Molecular scale insight of pore morphology relation with mechanical properties of amorphous silica using ReaxFF},
  author={Vo, Truong and He, Bang and Blum, Michael and Damone, Angelo and Newell, Pania},
  journal={Computational Materials Science},
  volume={183},
  pages={109881},
  year={2020},
  publisher={Elsevier}
}

@article{chowdhury2019effects,
  title={Effects of surface crack on the mechanical properties of Silica: A molecular dynamics simulation study},
  author={Chowdhury, Sanjib C and Wise, Ethan A and Ganesh, Raja and Gillespie Jr, John W},
  journal={Engineering Fracture Mechanics},
  volume={207},
  pages={99--108},
  year={2019},
  publisher={Elsevier}
}

@article{rodriguez2016silica,
  title={Silica-based and borate-based, titania-containing bioactive coatings characterization: critical strain energy release rate, residual stresses, hardness, and thermal expansion},
  author={Rodriguez, Omar and Matinmanesh, Ali and Phull, Sunjeev and Schemitsch, Emil H and Zalzal, Paul and Clarkin, Owen M and Papini, Marcello and Towler, Mark R},
  journal={Journal of functional biomaterials},
  volume={7},
  number={4},
  pages={32},
  year={2016},
  publisher={Multidisciplinary Digital Publishing Institute}
}

@article{miehe2015phase,
  title={Phase field modeling of fracture in multi-physics problems. Part II. Coupled brittle-to-ductile failure criteria and crack propagation in thermo-elastic--plastic solids},
  author={Miehe, Christian and Hofacker, M and Sch{\"a}nzel, L-M and Aldakheel, Fadi},
  journal={Computer Methods in Applied Mechanics and Engineering},
  volume={294},
  pages={486--522},
  year={2015},
  publisher={Elsevier}
}

@Misc{petsc-web-page,
author = {Satish Balay and Shrirang Abhyankar and Mark~F. Adams and Jed Brown and Peter Brune
    and Kris Buschelman and Lisandro Dalcin and Alp Dener and Victor Eijkhout and William~D. Gropp
    and Dmitry Karpeyev and Dinesh Kaushik and Matthew~G. Knepley and Dave~A. May and Lois Curfman McInnes
    and Richard Tran Mills and Todd Munson and Karl Rupp and Patrick Sanan
    and Barry~F. Smith and Stefano Zampini and Hong Zhang and Hong Zhang},
title =  {{PETS}c {W}eb page},
url =    {https://www.mcs.anl.gov/petsc},
howpublished = {\url{https://www.mcs.anl.gov/petsc}},
year = {2019}
}

@article{benson2006flexible,
  title={Flexible complementarity solvers for large-scale applications},
  author={Benson, Steven J and Munson, Todd S},
  journal={Optimization Methods and Software},
  volume={21},
  number={1},
  pages={155--168},
  year={2006},
  publisher={Taylor \& Francis}
}

@article{ambati2016phase,
  title={A phase-field model for ductile fracture at finite strains and its experimental verification},
  author={Ambati, Marreddy and Kruse, Roland and De Lorenzis, Laura},
  journal={Computational Mechanics},
  volume={57},
  number={1},
  pages={149--167},
  year={2016},
  publisher={Springer}
}

@article{brandon2020cohesive,
  title={Attaining regularization length insensitivity in ductile failure with a variational phase-field model of cohesive fracture},
  author={Talamini, Brandon and Tupek, Michael R. and Stershic, Andrew J. and Hu, Tianchen and Foulk III, James W. and Ostien, Jakob T. and Dolbow, John E.},
  journal={Computer Methods in Applied Mechanics and Engineering},
  year={2021},
  publisher={Elsevier}
}

@article{may2015numerical,
  title={A numerical assessment of phase-field models for brittle and cohesive fracture: $\Gamma$-convergence and stress oscillations},
  author={May, Stefan and Vignollet, Julien and De Borst, Rene},
  journal={European Journal of Mechanics-A/Solids},
  volume={52},
  pages={72--84},
  year={2015},
  publisher={Elsevier}
}

@article{negri2020gamma,
  title={$\Gamma$-convergence for high order phase field fracture: continuum and isogeometric formulations},
  author={Negri, Matteo},
  journal={Computer Methods in Applied Mechanics and Engineering},
  volume={362},
  pages={112858},
  year={2020},
  publisher={Elsevier}
}

@article{neto2005f,
  title={F-bar-based linear triangles and tetrahedra for finite strain analysis of nearly incompressible solids. Part I: formulation and benchmarking},
  author={Neto, EA De Souza and Pires, FM Andrade and Owen, DRJ},
  journal={International Journal for Numerical Methods in Engineering},
  volume={62},
  number={3},
  pages={353--383},
  year={2005},
  publisher={Wiley Online Library}
}

@book{dal2012introduction,
  title={An introduction to $\Gamma$-convergence},
  author={Dal Maso, Gianni},
  volume={8},
  year={2012},
  publisher={Springer Science \& Business Media}
}

@article{yang2006variational,
  title={A variational formulation of the coupled thermo-mechanical boundary-value problem for general dissipative solids},
  author={Yang, Qiang and Stainier, Laurent and Ortiz, Michael},
  journal={Journal of the Mechanics and Physics of Solids},
  volume={54},
  number={2},
  pages={401--424},
  year={2006},
  publisher={Elsevier}
}

@article{Rodriguez2006,
  author = {Rodriguez, R},
  title = {Hydrogeotechnical characterization of a metallurgical waste},
  journal = {Canadian Geotechnical Journal},
  volume = {43},
  number = {10},
  pages = {1042-1060},
  year = {2006}
}

@article{Landis-fatigue,
  author = {Lo, Yu-Sheng and Borden, Michael and Ravi-Chandar, K. and Landis, Chad M.},
  title = {A phase-field model for fatigue crack growth},
  journal = {Journal of the Mechanics and Physics of Solids},
  volume = {132},
  number = {103684},
  year = {2019}
}

@article{Peco2019,
  author = {Peco, C. and Liu, Y. and Rhea, C. and Dolbow, J.E.},
  title = {Models and simulations of surfactant-driven fracture in particle rafts},
  journal = {International Journal of Solids and Structures},
  volume = {156},
  pages={194--209},
  year = {2019}
}

@article{el2009methodology,
  title={Methodology to predict alligator fatigue cracking distress based on asphalt concrete dynamic modulus},
  author={El-Badawy, Sherif M and Jeong, Myung Goo and El-Basyouny, Mohamed},
  journal={Transportation Research Record},
  volume={2095},
  number={1},
  pages={115--124},
  year={2009},
  publisher={SAGE Publications Sage CA: Los Angeles, CA}
}

@article{el2005calibration,
  title={Calibration of alligator fatigue cracking model for 2002 design guide},
  author={El-Basyouny, Mohamed M and Witczak, Matthew},
  journal={Transportation research record},
  volume={1919},
  number={1},
  pages={76--86},
  year={2005},
  publisher={SAGE Publications Sage CA: Los Angeles, CA}
}

@inproceedings{saar2010automatic,
  title={Automatic asphalt pavement crack detection and classification using neural networks},
  author={Saar, T and Talvik, O},
  booktitle={2010 12th Biennial Baltic Electronics Conference},
  pages={345--348},
  year={2010},
  organization={IEEE}
}

@article{button2007guidelines,
  title={Guidelines for using geosynthetics with hot-mix asphalt overlays to reduce reflective cracking},
  author={Button, Joe W and Lytton, Robert L},
  journal={Transportation Research Record},
  volume={2004},
  number={1},
  pages={111--119},
  year={2007},
  publisher={SAGE Publications Sage CA: Los Angeles, CA}
}

@manual{yildirim2006field,
  title={Field manual for crack sealing in asphalt pavements.},
  author={Yildirim, Yetkin and Qatan, Ahmed and Prozzi, Jorge and others},
  year={2006},
  publisher={Texas. Dept. of Transportation. Research and Technology Implementation Office}
}

@article{michel20083d,
title={3D fuel cracking modelling in pellet cladding mechanical interaction},
author={Michel, Bruno and Sercombe, J{\'e}r{\^o}me and Thouvenin, Gilles and Chatelet, R{\'e}my},
journal={Engineering fracture mechanics},
volume={75},
number={11},
pages={3581--3598},
year={2008},
publisher={Elsevier}
}

@article{roberts1977pellet,
  title={On the pellet-cladding interaction phenomenon},
  author={Roberts, JTA and Smith, E and Fuhrman, N and Cubicciotti, D},
  journal={Nuclear Technology},
  volume={35},
  number={1},
  pages={131--144},
  year={1977},
  publisher={Taylor \& Francis}
}

@article{jernkvist1995model,
  title={A model for predicting pellet-cladding interaction-induced fuel rod failure},
  author={Jernkvist, Lars Olof},
  journal={Nuclear engineering and design},
  volume={156},
  number={3},
  pages={393--399},
  year={1995},
  publisher={Elsevier}
}

@techreport{billone2008cladding,
  title={Cladding embrittlement during postulated loss-of-coolant accidents.},
  author={Billone, Michael and Yan, Yong and Burtseva, Tatiana and Daum, Robert and others},
  year={2008},
  institution={Argonne National Lab.(ANL), Argonne, IL (United States)}
}

@article{nagase2004effect,
  title={Effect of pre-hydriding on thermal shock resistance of Zircaloy-4 cladding under simulated loss-of-coolant accident conditions},
  author={Nagase, Fumihisa and Fuketa, Toyoshi},
  journal={Journal of nuclear science and technology},
  volume={41},
  number={7},
  pages={723--730},
  year={2004},
  publisher={Taylor \& Francis}
}

@incollection{hutchinson1991mixed,
  title={Mixed mode cracking in layered materials},
  author={Hutchinson, John W and Suo, Zhigang},
  booktitle={Advances in applied mechanics},
  volume={29},
  pages={63--191},
  year={1991},
  publisher={Elsevier}
}

@article{BEUTH19921657,
  title = "Cracking of thin bonded films in residual tension",
  journal = "International Journal of Solids and Structures",
  volume = "29",
  number = "13",
  pages = "1657 - 1675",
  year = "1992",
  issn = "0020-7683",
  author = "J.L. Beuth"
}

@article{xia2000crack,
  title={Crack patterns in thin films},
  author={Xia, Z Cedric and Hutchinson, John W},
  journal={Journal of the Mechanics and Physics of Solids},
  volume={48},
  number={6-7},
  pages={1107--1131},
  year={2000},
  publisher={Elsevier}
}

@article{yin2008explicit,
  title={An explicit elastic solution for a brittle film with periodic cracks},
  author={Yin, HM and Paulino, GH and Buttlar, William G},
  journal={International Journal of Fracture},
  volume={153},
  number={1},
  pages={39},
  year={2008},
  publisher={Springer}
}

@article{baldelli2014variational,
  title={A variational model for fracture and debonding of thin films under in-plane loadings},
  author={Baldelli, AA Le{\'o}n and Babadjian, J-F and Bourdin, Blaise and Henao, Duvan and Maurini, Corrado},
  journal={Journal of the Mechanics and Physics of Solids},
  volume={70},
  pages={320--348},
  year={2014},
  publisher={Elsevier}
}

@article{crosby1997fragmentation,
  title={Fragmentation of thin films bonded to solid substrates: Simulations and a mean-field theory},
  author={Crosby, Kevin M and Bradley, R Mark},
  journal={Physical Review E},
  volume={55},
  number={5},
  pages={6084},
  year={1997},
  publisher={APS}
}

@article{leung2000pattern,
  title={Pattern formation and selection in quasistatic fracture},
  author={Leung, Kwan-tai and N{\'e}da, Zoltan},
  journal={Physical review letters},
  volume={85},
  number={3},
  pages={662},
  year={2000},
  publisher={APS}
}

@article{sadhukhan2011crack,
  title={Crack formation in composites through a spring model},
  author={Sadhukhan, Supti and Dutta, Tapati and Tarafdar, Sujata},
  journal={Physica A: Statistical Mechanics and its Applications},
  volume={390},
  number={4},
  pages={731--740},
  year={2011},
  publisher={Elsevier}
}

@article{sanchez2014modeling,
  title={Modeling 3-D desiccation soil crack networks using a mesh fragmentation technique},
  author={S{\'a}nchez, Marcelo and Manzoli, Osvaldo L and Guimar{\~a}es, Leonardo JN},
  journal={Computers and Geotechnics},
  volume={62},
  pages={27--39},
  year={2014},
  publisher={Elsevier}
}

@article{zhang2017modeling,
  title={Modeling progressive interfacial debonding of a mud-crack film on elastic substrates},
  author={Zhang, Jingwen and Lu, Yuyang and He, Linghui and Yang, Lizhong and Ni, Yong},
  journal={Engineering Fracture Mechanics},
  volume={177},
  pages={123--132},
  year={2017},
  publisher={Elsevier}
}

@article{bourdin2008variational,
  title={The variational approach to fracture},
  author={Bourdin, Blaise and Francfort, Gilles A and Marigo, Jean-Jacques},
  journal={Journal of elasticity},
  volume={91},
  number={1-3},
  pages={5--148},
  year={2008},
  publisher={Springer}
}

@article{baldelli2013fracture,
  title={Fracture and debonding of a thin film on a stiff substrate: analytical and numerical solutions of a one-dimensional variational model},
  author={Baldelli, Andr{\'e}s Alessandro Le{\'o}n and Bourdin, Blaise and Marigo, Jean-Jacques and Maurini, Corrado},
  journal={Continuum Mechanics and Thermodynamics},
  volume={25},
  number={2-4},
  pages={243--268},
  year={2013},
  publisher={Springer}
}

@article{baldelli2013delamination,
  title={Delamination and fracture of thin films: a variational approach},
  author={Baldelli, AAL and Bourdin, B and Marigo, JJ and Maurini, C},
  journal={Direct and variational methods for nonsmooth problems in mechanics Amboise, France},
  year={2013}
}

@article{liang2003evolving,
  title={Evolving crack patterns in thin films with the extended finite element method},
  author={Liang, J and Huang, R and Prevost, Jean-Herve and Suo, Z},
  journal={International Journal of Solids and Structures},
  volume={40},
  number={10},
  pages={2343--2354},
  year={2003},
  publisher={Elsevier}
}

@article{sukumar2003modeling,
  title={Modeling quasi-static crack growth with the extended finite element method Part I: Computer implementation},
  author={Sukumar, N and Pr{\'e}vost, J-H},
  journal={International journal of solids and structures},
  volume={40},
  number={26},
  pages={7513--7537},
  year={2003},
  publisher={Elsevier}
}

@article{huang2003modeling,
  title={Modeling quasi-static crack growth with the extended finite element method Part II: Numerical applications},
  author={Huang, Rui and Sukumar, N and Pr{\'e}vost, J-H},
  journal={International Journal of Solids and Structures},
  volume={40},
  number={26},
  pages={7539--7552},
  year={2003},
  publisher={Elsevier}
}

@article{henry_2004,
  Author = {H. Henry and H. Levine},
  Date-Added = {2014-10-06 01:23:26 +0000},
  Date-Modified = {2014-10-06 01:24:14 +0000},
  Journal = {Physical Review Letters},
  Number = {10},
  Pages = {105504},
  Title = {Dynamic Instabilities of Fracture under Biaxial Strain Using a Phase Field Model},
  Volume = {93},
  Year = {2004}
}

@article{amor_2009,
  Author = {H. Amor and J. J. Marigo and C. Maurini},
  Date-Added = {2014-10-06 01:25:34 +0000},
  Date-Modified = {2014-10-06 01:27:32 +0000},
  Journal = {Journal of the Mechanics and Physics of Solids},
  Number = {8},
  Pages = {1209-1229},
  Title = {Regularized formulation of the variational brittle fracture with unilateral contact: Numerical experiments},
  Volume = {57},
  Year = {2009}
}

@article{spatschek_2007,
  Author = {R. Spatschek and C. M. Gugenberger and E. Brener},
  Date-Added = {2014-10-06 01:24:41 +0000},
  Date-Modified = {2014-10-06 01:25:32 +0000},
  Journal = {Physical Review E},
  Pages = {066111},
  Title = {Phase field modeling of fracture and stress-induced phase transitions},
  Volume = {75},
  Year = {2007}
}

@article{wu2016thermodynamically,
  title={A thermodynamically consistent plastic-damage framework for localized failure in quasi-brittle solids: Material model and strain localization analysis},
  author={Wu, Jian-Ying and Cervera, Miguel},
  journal={International Journal of Solids and Structures},
  volume={88},
  pages={227--247},
  year={2016},
  publisher={Elsevier}
}

@article{strobl2016constitutive,
  title={On constitutive assumptions in phase field approaches to brittle fracture},
  author={Strobl, Michael and Seelig, Thomas},
  journal={Procedia Structural Integrity},
  volume={2},
  pages={3705--3712},
  year={2016},
  publisher={Elsevier}
}

@article{strobl2015novel,
  title={A novel treatment of crack boundary conditions in phase field models of fracture},
  author={Strobl, Michael and Seelig, Thomas},
  journal={Pamm},
  volume={15},
  number={1},
  pages={155--156},
  year={2015},
  publisher={Wiley Online Library}
}

@article{fei2019phase,
  title={A phase-field method for modeling cracks with frictional contact},
  author={Fei, Fan and Choo, Jinhyun},
  journal={arXiv preprint arXiv:1905.10547},
  year={2019}
}

@misc{fei2020phasefield,
  title={A phase-field model of geologic shear fracture},
  author={Fan Fei and Jinhyun Choo},
  year={2020},
  eprint={2003.04779},
  archivePrefix={arXiv},
  primaryClass={physics.geo-ph}
}

@book{obrzud2010hardening,
  title={The hardening soil model: A practical guidebook},
  author={Obrzud, R},
  year={2010},
  publisher={Zace Services}
}

@article{jiang2012study,
  title={A study of the mechanism of formation and numerical simulations of crack patterns in ceramics subjected to thermal shock},
  author={Jiang, CP and Wu, XF and Li, J and Song, F and Shao, YF and Xu, XH and Yan, P},
  journal={Acta Materialia},
  volume={60},
  number={11},
  pages={4540--4550},
  year={2012},
  publisher={Elsevier}
}

@article{li2018simulation,
  title={Simulation of the thermal shock behavior of ultra-high temperature ceramics with the consideration of temperature-dependent crack propagation criterion and interaction between thermal shock cracks evolution and thermal conduction},
  author={Li, Dingyu and Li, Weiguo and Wang, Ruzhuan and Kou, Haibo},
  journal={European Journal of Mechanics-A/Solids},
  volume={72},
  pages={268--274},
  year={2018},
  publisher={Elsevier}
}

@article{bourdin2014morphogenesis,
  title={Morphogenesis and propagation of complex cracks induced by thermal shocks},
  author={Bourdin, Blaise and Marigo, Jean-Jacques and Maurini, Corrado and Sicsic, Paul},
  journal={Physical review letters},
  volume={112},
  number={1},
  pages={014301},
  year={2014},
  publisher={APS}
}

@article{chu2017study,
  title={Study the dynamic crack path in brittle material under thermal shock loading by phase field modeling},
  author={Chu, Dongyang and Li, Xiang and Liu, Zhanli},
  journal={International Journal of Fracture},
  volume={208},
  number={1-2},
  pages={115--130},
  year={2017},
  publisher={Springer}
}

@article{song2009cracking,
  title={Cracking node method for dynamic fracture with finite elements},
  author={Song, Jeong-Hoon and Belytschko, Ted},
  journal={International Journal for Numerical Methods in Engineering},
  volume={77},
  number={3},
  pages={360--385},
  year={2009},
  publisher={Wiley Online Library}
}

@article{shang2013stochastic,
  title={Stochastic finite element with material uncertainties: Implementation in a general purpose simulation program},
  author={Shang, Shen and Yun, Gun Jin},
  journal={Finite Elements in Analysis and Design},
  volume={64},
  pages={65--78},
  year={2013},
  publisher={Elsevier}
}

@article{nakahara2018mechanism,
  title={Mechanism of memory effect of paste which dominates desiccation crack patterns},
  author={Nakahara, Akio and Hiraoka, Tomoki and Hayashi, Rokuya and Matsuo, Yousuke and Kitsunezaki, So},
  journal={Philosophical Transactions of the Royal Society A},
  volume={377},
  number={2136},
  pages={20170395},
  year={2018},
  publisher={The Royal Society Publishing}
}

@article{kitsunezaki2017memory,
  title={Memory effect and anisotropy of particle arrangements in granular paste},
  author={Kitsunezaki, So and Sasaki, Arina and Nishimoto, Akihiro and Mizuguchi, Tsuyoshi and Matsuo, Yousuke and Nakahara, Akio},
  journal={The European Physical Journal E},
  volume={40},
  number={10},
  pages={88},
  year={2017},
  publisher={Springer}
}

@article{halasz2017effect,
  title={Effect of disorder on shrinkage-induced fragmentation of a thin brittle layer},
  author={Hal{\'a}sz, Zolt{\'a}n and Nakahara, Akio and Kitsunezaki, So and Kun, Ferenc},
  journal={Physical Review E},
  volume={96},
  number={3},
  pages={033006},
  year={2017},
  publisher={APS}
}

@article{kitsunezaki2017stress,
  title={Stress development up to crack formation in drying paste},
  author={Kitsunezaki, So and Matsuo, Yousuke and Nakahara, Akio},
  journal={Journal of Chemical Engineering of Japan},
  volume={50},
  number={10},
  pages={775--779},
  year={2017},
  publisher={The Society of Chemical Engineers, Japan}
}

@article{kitsunezaki2016shaking,
  title={Shaking-induced stress anisotropy in the memory effect of paste},
  author={Kitsunezaki, So and Nakahara, Akio and Matsuo, Yousuke},
  journal={EPL (Europhysics Letters)},
  volume={114},
  number={6},
  pages={64002},
  year={2016},
  publisher={IOP Publishing}
}

@article{ramsaroop2010fracture,
  title={Fracture toughness studies of polypropylene-clay nanocomposites and glass fibre reinfoerced polypropylene composites},
  author={Ramsaroop, A and Kanny, K and Mohan, TP},
  journal={Materials Sciences and Applications},
  volume={1},
  number={05},
  pages={301},
  year={2010},
  publisher={Citeseer}
}

@article{hong2017linear,
  title={On the linear convergence of the alternating direction method of multipliers},
  author={Hong, Mingyi and Luo, Zhi-Quan},
  journal={Mathematical Programming},
  volume={162},
  number={1-2},
  pages={165--199},
  year={2017},
  publisher={Springer}
}

@phdthesis{borden2012isogeometric,
  title={Isogeometric analysis of phase-field models for dynamic brittle and ductile fracture},
  author={Borden, Michael Johns},
  year={2012},
  school={The University of Texas at Austin}
}

@article{jiang2020three,
  title={Three-dimensional phase-field modeling of porosity dependent intergranular fracture in UO2},
  author={Jiang, Wen and Hu, Tianchen and Aagesen, Larry K and Zhang, Yongfeng},
  journal={Computational Materials Science},
  volume={171},
  pages={109269},
  year={2020},
  publisher={Elsevier}
}

@article{pham2011gradient,
  title={Gradient damage models and their use to approximate brittle fracture},
  author={Pham, Kim and Amor, Hanen and Marigo, Jean-Jacques and Maurini, Corrado},
  journal={International Journal of Damage Mechanics},
  volume={20},
  number={4},
  pages={618--652},
  year={2011},
  publisher={SAGE Publications Sage UK: London, England}
}

@article{Guilleminot2013,
  title = "On the statistical dependence for the components of random elasticity tensors exhibiting material symmetry properties",
  author = "Guilleminot, Johann and Soize, Christian",
  year = "2013",
  journal = "Journal of Elasticity",
  volume = "111",
  pages = "109--130"
}

@article{Moran1969,
  author  = {Moran, Patrick},
  title   = {Statistical inference with bivariate gamma distributions},
  journal = {BiometrikaTrust},
  year    = {1969},
  volume  = {56},
  pages   = {627--634}
}

@article{Grigoriu2009,
  author  = {Grigoriu, Mircea},
  title   = {Existence and construction of translation models for stationary non-Gaussian processes},
  journal = {Probabilistic Engineering Mechanics},
  year    = {2009},
  volume  = {24},
  pages   = {545--551}
}

@article{Jaynes1957a,
title = "Information Theory and statistical mechanics I",
author = "{E.T.} Jaynes",
year = "1957",
journal = "Physical Review",
volume = "106",
number = "4",
pages = "620--630"
}

@article{Jaynes1957b,
title = "Information Theory and statistical mechanics II",
author = "{E.T.} Jaynes",
year = "1957",
journal = "Physical Review",
volume = "108",
number = "2",
pages = "171--190"
}

@article{Shannon1948a,
title = "A mathematical theory of communication",
author = "{C.E.} Shannon",
year = "1948",
journal = "Bell System Technical Journal",
volume = "27",
number = "3",
pages = "379--423"
}

@article{Shannon1948b,
title = "A mathematical theory of communication",
author = "{C.E.} Shannon",
year = "1948",
journal = "Bell System Technical Journal",
volume = "27",
number = "4",
pages = "623--656"
}

@book{Balakrishnan2009,
  title={Continuous Bivariate Distributions},
  author={Balakrishnan, N. and Lai, C.-D.},
  year={2009},
  publisher={Springer-Verlag New York}
}

@book{GhanemSpanos,
  title={Stochastic Finite Elements: A Spectral Approach (Revised Edition)},
  author={Ghanem, R. G. and Spanos, P. D.},
  year={2003},
  publisher={Dover}
}

@book{LMK2010,
  title={Spectral Methods for Uncertainty Quantification},
  author={Le Maitre, O. and Knio, O.},
  year={2010},
  publisher={Springer Netherlands}
}

@article{rodriguez2007experimental,
  title={Experimental and numerical analysis of desiccation of a mining waste},
  author={Rodr{\'\i}guez, R and Sanchez, Marcelo and Ledesma, A and Lloret, A},
  journal={Canadian Geotechnical Journal},
  volume={44},
  number={6},
  pages={644--658},
  year={2007},
  publisher={NRC Research Press}
}

@article{lakshmikantha2009image,
  title={Image analysis for the quantification of a developing crack network on a drying soil},
  author={Lakshmikantha, MR and Prat, PC and Ledesma, A},
  journal={Geotechnical Testing Journal},
  volume={32},
  number={6},
  pages={505--515},
  year={2009},
  publisher={ASTM International}
}

@article{Hun2019,
  author = {Hun, Darith-Anthony and Guilleminot, Johann and Yvonnet, Julien and Bornert, Michel},
  title = {Stochastic multiscale modeling of crack propagation in random heterogeneous media},
  journal = {International Journal for Numerical Methods in Engineering},
  volume = {119},
  number = {13},
  pages = {1325--1344},
  year = {2019}
}

@article{Acton2018,
  title = "Voronoi tessellation based statistical volume element characterization for use in fracture modeling",
  journal = "Computer Methods in Applied Mechanics and Engineering",
  volume = "336",
  pages = "135 -- 155",
  year = "2018",
  author = "Katherine A. Acton and Sarah C. Baxter and Bahador Bahmani and Philip L. Clarke and Reza Abedi"
}

@article{permann2020moose,
  title={MOOSE: Enabling massively parallel multiphysics simulation},
  author={Permann, Cody J and Gaston, Derek R and Andr{\v{s}}, David and Carlsen, Robert W and Kong, Fande and Lindsay, Alexander D and Miller, Jason M and Peterson, John W and Slaughter, Andrew E and Stogner, Roy H and others},
  journal={SoftwareX},
  volume={11},
  pages={100430},
  year={2020},
  publisher={Elsevier}
}

@misc{raccoon,
title="{RACCOON}",
url={https://github.com/hugary1995/raccoon},
journal={GitHub},
author={Hu, Tianchen},
year={2020}
}

@misc{raccoon_doc,
title="{RACCOON} documentation",
url={https://hugary1995.github.io/raccoon},
journal={RACCOON documentation},
author={Hu, Tianchen},
year={2020}
}
